<?xml version="1.0" encoding="UTF-8"?><record xmlns="http://www.loc.gov/MARC21/slim" xmlns:cinclude="http://apache.org/cocoon/include/1.0" xmlns:zs="http://www.loc.gov/zing/srw/">
  <leader>00496nz  a2200133n  4500</leader>
  <controlfield tag="001">n 2013074447</controlfield>
  <controlfield tag="003">DLC</controlfield>
  <controlfield tag="005">20131218174823.0</controlfield>
  <controlfield tag="008">131218n| azannaabn          |n aaa      </controlfield>
  <datafield tag="010" ind1=" " ind2=" ">
    <subfield code="a">n 2013074447</subfield>
    <subfield code="z">nb2012007609</subfield>
  </datafield>
  <datafield tag="040" ind1=" " ind2=" ">
    <subfield code="a">DLC</subfield>
    <subfield code="b">eng</subfield>
    <subfield code="e">rda</subfield>
    <subfield code="c">DLC</subfield>
  </datafield>
  <datafield tag="100" ind1="1" ind2=" ">
    <subfield code="a">Payne, Geoff,</subfield>
    <subfield code="d">active 1974</subfield>
  </datafield>
  <datafield tag="667" ind1=" " ind2=" ">
    <subfield code="a">Formerly on undifferentiated name record: nb2012007609</subfield>
  </datafield>
  <datafield tag="670" ind1=" " ind2=" ">
    <subfield code="a">For internal democracy in the Labor Party &amp; Young Labor, for the right of socialists to put forward their views, 1974:</subfield>
    <subfield code="b">t.p. (Geoff Payne)</subfield>
  </datafield>
</record>